@Article{Placeholder1000,
  author  = {Placeholder, N. A.},
  journal = {Some Journal},
  title   = {This is the Title},
  year    = {1000},
  month   = jan,
  number  = {1},
  volume  = {1},
}
